@TECHREPORT{broadcastElim,
  AUTHOR =        {Marjan Gusev and David J. Evans},
  TITLE =         {Algorithm Transformations for the Data Broadcast Elimination Method},
  NUMBER =        {646},
  INSTITUTION =   {Parallel Algorithm Research Centre, Loughborough University of Technology},
  ADDRESS =       {Loughborough, Leicestershire LE11 3TU},
  NOTE =          {},
  Month =         {October},
  YEAR  =         {1991},
}

@TECHREPORT{broadcastElimQR,
  AUTHOR =        {Marjan Gusev and David J. Evans},
  TITLE =         {Elimination of the Computational Broadcast : An Application to the QR Decomposition Algorithm},
  NUMBER =        {676},
  INSTITUTION =   {Parallel Algorithm Research Centre, Loughborough University of Technology},
  ADDRESS =       {Loughborough, Leicestershire LE11 3TU},
  NOTE =          {},
  Month =         {January},
  YEAR  =         {1992},
}

@misc{autoRegressiveModel,
author={WikiPedia},
Title={Autoregressive model},
note={https://en.wikipedia.org/wiki/Autoregressive_model#Definition}
}